@Comment Control Flow Integrity

@inproceedings{Abadi2005,
  author    = {Mart\'{\i}n Abadi and
               Mihai Budiu and
               {\'U}lfar Erlingsson and
               Jay Ligatti},
  title     = {Control-flow integrity},
  booktitle = {12th ACM Conference on Computer and Communications Security},
  shortbooktitle = {ACM CCS},
  year      = {2005},
  pages     = {340-353},
  ee        = {http://doi.acm.org/10.1145/1102120.1102165},
  isbn      = {1-59593-226-7},
  publisher = {ACM},
  url       = {https://research.microsoft.com/apps/pubs/?id=69217},
}

@article{AbadiBEL09,
  author    = {Mart\'{\i}n Abadi and
               Mihai Budiu and
               {\'U}lfar Erlingsson and
               Jay Ligatti},
  title     = {Control-flow integrity principles, implementations, and
               applications},
  journal   = {ACM Transactions on Information System Security},
  shortjournal = {TISSEC},
  volume    = {13},
  number    = {1},
  year      = {2009},
  url       = {http://users.soe.ucsc.edu/~abadi/Papers/cfi-tissec-revised.pdf},
}

@inproceedings{Zhang2013,
title = {{Practical Control Flow Integrity \& Randomization for Binary Executables}},
author = {Chao Zhang and Tao Wei and Zhaofeng Chen and Lei Duan and Laszlo Szekeres and Stephen McCamant and Dawn Song and Wei Zou},
booktitle = {{IEEE Symposium on Security and Privacy}},
shortbooktitle = {IEEE S\&P},
year = {2013},
url = {http://bitblaze.cs.berkeley.edu/papers/CCFIR-oakland-CR.pdf},
}

@inproceedings{outofcontrol_ieeesp2014,
title = {Out Of Control: Overcoming Control-Flow Integrity},
author = {Enes G\"{o}kta\c{s} and Elias Athanasopoulos and Herbert Bos and Georgios Portokalidis},
booktitle = {{IEEE Symposium on Security and Privacy}},
shortbooktitle = {IEEE S\&P},
year = {2014},
url = {http://users.ics.forth.gr/~elathan/papers/oakland14.pdf},
}

@inproceedings{Bletsch:2011:MCA:2076732.2076783,
 author = {Bletsch, Tyler and Jiang, Xuxian and Freeh, Vince},
 title = {Mitigating Code-reuse Attacks with Control-flow Locking},
 booktitle = {Proceedings of the 27th Annual Computer Security Applications Conference},
 series = {ACSAC '11},
 year = {2011},
 isbn = {978-1-4503-0672-0},
 location = {Orlando, Florida},
 pages = {353--362},
 numpages = {10},
 url = {http://doi.acm.org/10.1145/2076732.2076783},
 doi = {10.1145/2076732.2076783},
 acmid = {2076783},
 publisher = {ACM},
 address = {New York, NY, USA},
}

@inproceedings{Cowan:1998:SAA:1267549.1267554,
 author = {Cowan, Crispin and Pu, Calton and Maier, Dave and Hintony, Heather and Walpole, Jonathan and Bakke, Peat and Beattie, Steve and Grier, Aaron and Wagle, Perry and Zhang, Qian},
 title = {StackGuard: Automatic Adaptive Detection and Prevention of Buffer-overflow Attacks},
 booktitle = {Proceedings of the 7th Conference on USENIX Security Symposium - Volume 7},
 series = {SSYM'98},
 year = {1998},
 location = {San Antonio, Texas},
 pages = {5--5},
 numpages = {1},
 url = {http://dl.acm.org/citation.cfm?id=1267549.1267554},
 acmid = {1267554},
 publisher = {USENIX Association},
 address = {Berkeley, CA, USA},
} 

@misc{PaX,
 author = {{PaX Team}},
 title = {PaX address space layout randomization ({ASLR})},
 howpublished = {\url{http://pax.grsecurity.net/docs/aslr.txt}}
}

@inproceedings{Erlingsson07,
  author    = {{\'U}lfar Erlingsson},
  title     = {Low-Level Software Security: Attacks and Defenses},
  booktitle = {Foundations of Security Analysis and Design},
  shortbooktitle = {FOSAD},
  year      = {2007},
  pages     = {92-134},
  ee        = {http://dx.doi.org/10.1007/978-3-540-74810-6_4},
  publisher = {Springer},
  series    = {Lecture Notes in Computer Science},
  volume    = {4677},
  isbn      = {978-3-540-74809-0},
}

@inproceedings{Appel:2011:VST:1987211.1987212,
 author = {Appel, Andrew W.},
 title = {Verified Software Toolchain},
 booktitle = {Proceedings of the 20th European Conference on Programming Languages and Systems: Part of the Joint European Conferences on Theory and Practice of Software},
 series = {ESOP'11/ETAPS'11},
 year = {2011},
 isbn = {978-3-642-19717-8},
 location = {Saarbr\&\#252;cken, Germany},
 pages = {1--17},
 numpages = {17},
 url = {http://dl.acm.org/citation.cfm?id=1987211.1987212},
 acmid = {1987212},
 publisher = {Springer-Verlag},
 address = {Berlin, Heidelberg},
} 
